@inproceedings{deepfrsurvey,
  title={Deep face recognition: A survey},
  author={Masi, Iacopo and Wu, Yue and Hassner, Tal and Natarajan, Prem},
  booktitle={2018 31st SIBGRAPI conference on graphics, patterns and images (SIBGRAPI)},
  pages={471--478},
  year={2018},
  organization={IEEE}
}